@article{bommasani2021opportunities,
  title={On the opportunities and risks of foundation models},
  author={Bommasani, Rishi and Hudson, Drew A and Adeli, Ehsan and Altman, Russ and Arora, Simran and von Arx, Sydney and Bernstein, Michael S and Bohg, Jeannette and Bosselut, Antoine and Brunskill, Emma and others},
  journal={arXiv preprint arXiv:2108.07258},
  year={2021}
}

@article{bommasani2023foundation,
  title={The foundation model transparency index},
  author={Bommasani, Rishi and Klyman, Kevin and Longpre, Shayne and Kapoor, Sayash and Maslej, Nestor and Xiong, Betty and Zhang, Daniel and Liang, Percy},
  journal={arXiv preprint arXiv:2310.12941},
  year={2023}
}

@article{ahmed2023growing,
  title={The growing influence of industry in AI research},
  author={Ahmed, Nur and Wahed, Muntasir and Thompson, Neil C},
  journal={Science},
  volume={379},
  number={6635},
  pages={884--886},
  year={2023},
  publisher={American Association for the Advancement of Science}
}

#anna: I added here for when i cite epoch
@inproceedings{sevilla2022compute,
  title={Compute trends across three eras of machine learning},
  author={Sevilla, Jaime and Heim, Lennart and Ho, Anson and Besiroglu, Tamay and Hobbhahn, Marius and Villalobos, Pablo},
  booktitle={2022 International Joint Conference on Neural Networks (IJCNN)},
  organization={IEEE},
  year={2022}
}

#anna: I added here for when i cite epoch

@misc{epoch2023pcdtrends,
  title = "Parameter, Compute and Data Trends in Machine Learning",
  author = {Epoch},
  year = 2022,
  url = {https://epochai.org/data/epochdb/visualization},
  note = "Accessed: 2024-01-22"
}
